@article{happer_philo_2013, title={The Role of the Media in the Construction of Public Belief and Social Change}, volume={1}, DOI={10.5964/jspp.v1i1.96}, number={1}, journal={Journal of Social and Political Psychology}, author={Happer, Catherine and Philo, Greg}, year={2013}, pages={321–336}}

@article{vosoughi2018,author = {Vosoughi, Soroush and Roy, Deb and Aral, Sinan},year = {2018},month = {03},pages = {1146-1151},title = {The spread of true and false news online},volume = {359},booktitle = {Science}}

@article{DelVicario_2016,
author = {Del Vicario, Michela and Bessi, Alessandro and Zollo, Fabiana and Petroni, Fabio and Scala, Antonio and Caldarelli, Guido and Stanley, H and Quattrociocchi, Walter},year = {2016},month = {01},pages = {},title = {The spreading of misinformation online},volume = {113},booktitle = {Proceedings of the National Academy of Sciences}}

@article{mcgrew2017challenge,
  title={The Challenge That's Bigger than Fake News: Civic Reasoning in a Social Media Environment.},
  author={McGrew, Sarah and Ortega, Teresa and Breakstone, Joel and Wineburg, Sam},
  journal={American Educator},
  volume={41},
  number={3},
  pages={4},
  year={2017},
  publisher={ERIC}
}

@book{fellmeth_horwitz_2009, place={Oxford}, title={Guide to Latin in international law}, publisher={Oxford University Press}, author={Fellmeth, Aaron Xavier. and Horwitz, Maurice}, year={2009}}

@book{graves_2016, place={New York}, title={Deciding whats true: the rise of political fact-checking in American journalism}, publisher={Columbia University Press}, author={Graves, Lucas}, year={2016}}

@article{amazeen_2015, title={
Monkey Cage: Sometimes political fact-checking works. Sometimes it doesn’t. Here’s what can make the difference}, 
author={Amazeen, Michelle}, 
year={2015}, 
month={Jun}
}

@book{bird2009natural,
  title={Natural language processing with Python: analyzing text with the natural language toolkit},
  author={Bird, Steven and Klein, Ewan and Loper, Edward},
  year={2009},
  publisher={" O'Reilly Media, Inc."}
}

@article{pettie2002optimal,
  title={An optimal minimum spanning tree algorithm},
  author={Pettie, Seth and Ramachandran, Vijaya},
  journal={Journal of the ACM (JACM)},
  volume={49},
  number={1},
  pages={16--34},
  year={2002},
  publisher={ACM}
}

@book{skiena1998algorithm,
  title={The algorithm design manual: Text},
  author={Skiena, Steven S},
  volume={1},
  year={1998},
  publisher={Springer Science \& Business Media}
}

@book{bang2008digraphs,
  title={Digraphs: theory, algorithms and applications},
  author={Bang-Jensen, J{\o}rgen and Gutin, Gregory Z},
  year={2008},
  publisher={Springer Science \& Business Media}
}

@article{mooney2005mining,
  title={Mining knowledge from text using information extraction},
  author={Mooney, Raymond J and Bunescu, Razvan},
  journal={ACM SIGKDD explorations newsletter},
  volume={7},
  number={1},
  pages={3--10},
  year={2005},
  publisher={ACM}
}

@article{mehlhorn2008algorithms,
  title={Algorithms and data structures},
  author={Mehlhorn, Kurt and Sanders, Peter}
}

@article{freitag2000machine,
  title={Machine learning for information extraction in informal domains},
  author={Freitag, Dayne},
  journal={Machine learning},
  volume={39},
  number={2-3},
  pages={169--202},
  year={2000},
  publisher={Springer}
}

@article{beel2016paper,
  title={paper recommender systems: a literature survey},
  author={Beel, Joeran and Gipp, Bela and Langer, Stefan and Breitinger, Corinna},
  journal={International Journal on Digital Libraries},
  volume={17},
  number={4},
  pages={305--338},
  year={2016},
  publisher={Springer}
}

@article{luhn19571,
  title={1 A Statistical Approach to Mechanized Encoding},
  author={Luhn, HP},
  journal={IBM journal},
  year={1957}
}

@inproceedings{lao2011random,
  title={Random walk inference and learning in a large scale knowledge base},
  author={Lao, Ni and Mitchell, Tom and Cohen, William W},
  booktitle={Proceedings of the Conference on Empirical Methods in Natural Language Processing},
  pages={529--539},
  year={2011},
  organization={Association for Computational Linguistics}
}

@misc{sethgrimes, title={A Brief History of Text Analytics by Seth Grimes - BeyeNETWORK}, url={http://www.b-eye-network.com/view/6311}, journal={BeyeNETWORK business intelligence and data warehousing resources}}

@article{simas2015distance,
  title={Distance closures on complex networks},
  author={Simas, Tiago and Rocha, Luis M},
  journal={Network Science},
  volume={3},
  number={2},
  pages={227--268},
  year={2015},
  publisher={Cambridge University Press}
}

@article{gruber1993translation, 
  title={A translation approach to portable ontology specifications},
  author={Gruber, Thomas R},
  journal={Knowledge acquisition},
  volume={5},
  number={2},
  pages={199--220},
  year={1993},
  publisher={Elsevier}
}

@article{ciampaglia2015computational,
  title={Computational fact checking from knowledge networks},
  author={Ciampaglia, Giovanni Luca and Shiralkar, Prashant and Rocha, Luis M and Bollen, Johan and Menczer, Filippo and Flammini, Alessandro},
  journal={PloS one},
  volume={10},
  number={6},
  pages={e0128193},
  year={2015},
  publisher={Public Library of Science}
}

@techreport{sutton2004collective,
  title={Collective segmentation and labeling of distant entities in information extraction},
  author={Sutton, Charles and McCallum, Andrew},
  year={2004},
  institution={MASSACHUSETTS UNIV AMHERST DEPT OF COMPUTER SCIENCE}
}

@article{lafferty2001conditional,
  title={Conditional random fields: Probabilistic models for segmenting and labeling sequence data},
  author={Lafferty, John and McCallum, Andrew and Pereira, Fernando CN},
  year={2001}
}

@misc{orr_2013, title={50,000 Lessons on How to Read: a Relation Extraction Corpus}, url={https://ai.googleblog.com/2013/04/50000-lessons-on-how-to-read-relation.html}, journal={Google AI Blog}, author={Orr, David}, year={2013}, month={Apr}}

@inproceedings{mooney1999relational,
  title={Relational learning of pattern-match rules for information extraction},
  author={Mooney, R},
  year={1999}
}

@inproceedings{arasu2003extracting,
  title={Extracting structured data from web pages},
  author={Arasu, Arvind and Garcia-Molina, Hector},
  booktitle={Proceedings of the 2003 ACM SIGMOD international conference on Management of data},
  pages={337--348},
  year={2003},
  organization={ACM}
}

@book{cormen_leiserson_rivest_stein_2009, place={MIT Press}, title={Introduction To Algorithms}, author={Cormen, Thomas H.. and Leiserson, Charles Eric. and Rivest, Ronald L. and Stein, Clifford}, year={2009}}

@article{hayes1983building,
  title={Building expert system},
  author={Hayes-Roth, Frederick and Waterman, Donald A and Lenat, Douglas B},
  year={1983},
  publisher={CUMINCAD}
}

@article{nakashole2012automatic,
  title={Automatic extraction of facts, relations, and entities for web-scale knowledge base population},
  author={Nakashole, Ndapandula T},
  year={2012}
}

@misc{dbpedia, title={DBpedia Version 2014 Released}, url={https://wiki.dbpedia.org/news/dbpedia-version-2014-released}, journal={DBPedia Project}, publisher={DBPedia Project}, year={2014}, month={Sep}}

@inproceedings{lin2009phrase,
  title={Phrase clustering for discriminative learning},
  author={Lin, Dekang and Wu, Xiaoyun},
  booktitle={Proceedings of the Joint Conference of the 47th Annual Meeting of the ACL and the 4th International Joint Conference on Natural Language Processing of the AFNLP: Volume 2-Volume 2},
  pages={1030--1038},
  year={2009},
  organization={Association for Computational Linguistics}
}

@book{kapetanios2013natural,
  title={Natural language processing: semantic aspects},
  author={Kapetanios, Epaminondas and Tatar, Doina and Sacarea, Christian},
  year={2013},
  publisher={CRC Press}
}

@article{nadeau2007survey,
  title={A survey of named entity recognition and classification},
  author={Nadeau, David and Sekine, Satoshi},
  journal={Lingvisticae Investigationes},
  volume={30},
  number={1},
  pages={3--26},
  year={2007},
  publisher={John Benjamins publishing company}
}

@article{chagoyen2006discovering,
  title={Discovering semantic features in the literature: a foundation for building functional associations},
  author={Chagoyen, Monica and Carmona-Saez, Pedro and Shatkay, Hagit and Carazo, Jose M and Pascual-Montano, Alberto},
  journal={BMC bioinformatics},
  volume={7},
  number={1},
  pages={41},
  year={2006},
  publisher={BioMed Central}
}

@article{michelakis_krishnamurthy_haas_vaithyanathan_2009, title={Uncertainty Management In Rule-Based Information Extraction Systems}, author={Michelakis, Eirinaios and Krishnamurthy, Rajasekar and Haas, Peter and Vaithyanathan, Shivakumar}, year={2009}}

@book{bikakis_tsinaraki_gioldasis_stavrakantonakis, title={XML and Semantic Web W3C Standards Timeline.}, author={Bikakis, N and Tsinaraki, C and Gioldasis, N and Stavrakantonakis, I}}

@article{scholl_2016, title={Natural Language Processing in Python}, author={Scholl, Robert}, year={2016}}

@book{aho_lam_sethi_ullman_2006, edition={2nd}, title={Compilers Principles, Techniques, \& Tools,}, publisher={Pearson Education, Inc.}, author={Aho, Alfred and Lam, Monica and Sethi, Ravi and Ullman, Jeffrey}, year={2006}}

@article{liben-nowell_kleinberg_2007, title={The link-prediction problem for social networks}, volume={58}, DOI={10.1002/asi.20591}, number={7}, journal={Journal of the American Society for Information Science and Technology}, author={Liben-Nowell, David and Kleinberg, Jon}, year={2007}, pages={1019–1031}} 

@article{Fawcett2006,
	doi = {10.1016/j.patrec.2005.10.010},
	url = {https://doi.org/10.1016/j.patrec.2005.10.010},
	year  = {2006},
	month = {jun},
	publisher = {Elsevier {BV}},
	volume = {27},
	number = {8},
	pages = {861--874},
	author = {Tom Fawcett},
	title = {An introduction to {ROC} analysis},
	journal = {Pattern Recognition Letters}
}


@misc{goog_kg, title={Introducing the Knowledge Graph: Things, Not Strings}, url={googleblog.blogspot.com/2012/05/introducing-knowledge-graph-things-not.html}, journal={Google AI Blog}, author={Amit, Singhal}, year={2012}}

@misc{freebase, title={Start-up Aims for Database to Automate Web Searching}, author={Markoff, John}, year={2007}}

@inproceedings{Mller2015,
	doi = {10.18653/v1/d15-1272},
	url = {https://doi.org/10.18653/v1/d15-1272},
	year  = {2015},
	publisher = {Association for Computational Linguistics},
	author = {Thomas M\"{u}ller and Ryan Cotterell and Alexander Fraser and Hinrich Sch\"{u}tze},
	title = {Joint Lemmatization and Morphological Tagging with Lemming},
	booktitle = {Proceedings of the 2015 Conference on Empirical Methods in Natural Language Processing}
}
@article{lovins1968development,
	title={Development of a stemming algorithm},
	author={Lovins, Julie Beth}
}
@article{singhal2001modern,
	title={Modern information retrieval: A brief overview},
	author={Singhal, Amit and others},
	year={2001}
}

@misc{huang, title={Measuring Similarity Between Texts in Python}, author={Huang, Luling}, year={2017}}

@article{Cortes1995,
	doi = {10.1007/bf00994018},
	url = {https://doi.org/10.1007/bf00994018},
	year  = {1995},
	month = {sep},
	publisher = {Springer Nature},
	volume = {20},
	number = {3},
	pages = {273--297},
	author = {Corinna Cortes and Vladimir Vapnik},
	title = {Support-vector networks},
	journal = {Machine Learning}
}

@article{SIMAS2015,
	doi = {10.1017/nws.2015.11},
	url = {https://doi.org/10.1017/nws.2015.11},
	year  = {2015},
	month = {mar},
	publisher = {Cambridge University Press ({CUP})},
	volume = {3},
	number = {02},
	pages = {227--268},
	author = {TIAGO SIMAS and LUIS M. ROCHA},
	title = {Distance closures on complex networks},
	journal = {Network Science}
}
